NY000010000080803160642000993970000000000000000000000000000000000000000000000000
NY090020001279296000000160120646926000000000000000000000000000000000000000000000
NY09133000000011211158012919990000000000000085000                  2227775000000
NY091331000000100000000001802293430000000121115182204012660000000000000000000000
NY090088000000010000000400000000000085000121115121115121115000000000000000000000
NY000089000000010000000600000000000085000121115000000000000000000000000000000000
